@INPROCEEDINGS{dam1,
    author = {Hoa Khanh Dam and Truyen Tran and John Grundy and Aditya Ghose and Yasutaka Kamei},
    title = {Towards effective AI-powered agile project management},
    booktitle = {Proceedings of the 41st International Conference on Software Engineering (ICSE 2019)},
    year = {2019},
    publisher = {New Ideas and Emerging Results}
}

@INPROCEEDINGS{dam2,
    author = {Hoa Khanh Dam},
    title = {Artificial Intelligence for Software Engineering},
    booktitle = {XRDS: Crossroads},
	volume = {25},
	issue = {3},
    year = {2019},
	pages = {34-37}
}

@article{dam3,
  author    = {Hoa Khanh Dam},
  title     = {Empowering Software Engineering with Artificial Intelligence},
  journal   = {Lecture Notes in Business Information Processing},
  volume    = {367},
  year      = {2018},
  publisher = {Springer}
}

@misc{proposal,
  title = {AI4Agile project proposal},
  howpublished = {\url{https://conf.researchr.org/home/icse-2021/score-2021}},
}

@misc{jira1,
  title = {Atlassain JIRA Marketplace},
  howpublished = {\url{https://marketplace.atlassian.com/addons/app/jira}},
}

@misc{jira2,
  title = {Atlassain JIRA Software Cloud},
  howpublished = {\url{https://www.atlassian.com/software/jira/whats-new/cloud}},
}

@misc{jira3,
  title = {Atlassian Design Guidelines},
  howpublished = {\url{https://atlassian.design/}},
}

@misc{jira4,
  title = {Atlassian User Interface},
  howpublished = {\url{https://aui.atlassian.com/}},
}

@misc{jira5,
  title = {Atlassian REST API},
  howpublished = {\url{https://developer.atlassian.com/cloud/jira/platform/rest/v3/intro/}},
}

@misc{ajax,
    title = {JQuery AJAX},
    howpublished = {\url{https://api.jquery.com/jquery.ajax/}},
}

@misc{flask,
    title = {Flask},
    howpublished = {\url{https://flask.palletsprojects.com/en/1.1.x/}},
}

@misc{scikit,
    title = {scikit-learn},
    howpublished = {\url{https://scikit-learn.org/stable/}},
}

@misc{googleword2vec,
    title = {Google word2vec},
    howpublished = {\url{https://code.google.com/archive/p/word2vec/}},
}

@misc{nltk,
    title = {Natural Language Toolkit},
    howpublished = {\url{https://pythonprogramming.net/tokenizing-words-sentences-nltk-tutorial/}},
}

@misc{stanza,
    title = {Stanford NLP stanza},
    howpublished = {\url{https://stanfordnlp.github.io/stanza/depparse.html}},
}

@misc{cytoscape,
    title = {Cytoscape},
    howpublished = {\url{https://cytoscape.org/}},
}

@misc{jiraconnect,
    title = {Atlassian Connect Express Modules},
    howpublished = {\url{https://bitbucket.org/atlassian/atlassian-connect-express/src/master/}},
}

@misc{jiraPython,
    title = {atlassian-Python-api},
    howpublished = {\url{https://github.com/atlassian-api/atlassian-python-api}},
}

@misc{cluster,  
	title = {scikit-learn Clustering},
	howpublished = {\url{https://scikit-learn.org/stable/modules/clustering.html}},
}

@INPROCEEDINGS{KAOS,
    author = {Respect-IT},
    title = {A KAOS Tutorial},
    year = {2007},
}

@article{GOAL,
  author    = {A. Dardenne and A. van Lamsweerde and S. Fickas.},
  title     = {Goal-directed requirements acquisition},
  journal   = {Science of computer programming},
  volume    = {20},
  year      = {1993},
  pages = {3-50}
}

@article{NLP1,
  author    = {Bidyut Das and Mukta Majumder and Santanu Phadikar.},
  title     = { A Novel System for Generating Simple Sentences from Complex and Compound Sentences},
  journal   = {International Journal of Modern Education and Computer Science.},
  volume    = {1},
  year      = {2018},
  pages = {57-64}
}
