@INPROCEEDINGS{dam1,
    author = {Hoa Khanh Dam and Truyen Tran and John Grundy and Aditya Ghose and Yasutaka Kamei},
    title = {Towards effective AI-powered agile project management},
    booktitle = {Proceedings of the 41st International Conference on Software Engineering (ICSE 2019)},
    year = {2019},
    publisher = {New Ideas and Emerging Results}
}

@INPROCEEDINGS{dam2,
    author = {Hoa Khanh Dam},
    title = {Artificial Intelligence for Software Engineering},
    booktitle = {XRDS: Crossroads},
	volume = {25},
	issue = {3},
    year = {2019},
	pages = {34-37}
}

@article{dam3,
  author    = {Hoa Khanh Dam},
  title     = {Empowering Software Engineering with Artificial Intelligence},
  journal   = {Lecture Notes in Business Information Processing},
  volume    = {367},
  year      = {2018},
  publisher = {Springer}
}

@misc{proposal,
  title = {AI4Agile project proposal},
  howpublished = {\url{https://conf.researchr.org/home/icse-2021/score-2021}},
}

@misc{jira1,
  title = {Atlassain JIRA Marketplace},
  howpublished = {\url{https://marketplace.atlassian.com/addons/app/jira}},
}

@misc{jira2,
  title = {Atlassain JIRA Software Cloud},
  howpublished = {\url{https://www.atlassian.com/software/jira/whats-new/cloud}},
}

@INPROCEEDINGS{KAOS,
    author = {Respect-IT},
    title = {A KAOS Tutorial},
    year = {2007},
}

@article{GOAL,
  author    = {A. Dardenne and A. van Lamsweerde and S. Fickas.},
  title     = {Goal-directed requirements acquisition},
  journal   = {Science of computer programming},
  volume    = {20},
  year      = {1993},
  pages = {3-50}
}

@article{NLP1,
  author    = {Bidyut Das and Mukta Majumder and Santanu Phadikar.},
  title     = { A Novel System for Generating Simple Sentences from Complex and Compound Sentences},
  journal   = {International Journal of Modern Education and Computer Science.},
  volume    = {1},
  year      = {2018},
  pages = {57-64}
}

